@incollection{bottou2010large,
	title={Large-scale machine learning with stochastic gradient descent},
	author={Bottou, L{\'e}on},
	booktitle={Proceedings of COMPSTAT'2010},
	pages={177--186},
	year={2010},
	publisher={Springer}
}
@inproceedings{tran2015learning,
  title={Learning Spatiotemporal Features With 3D Convolutional Networks},
  author={Tran, Du and Bourdev, Lubomir and Fergus, Rob and Torresani, Lorenzo and Paluri, Manohar},
  booktitle={ICCV},
  pages={4489--4497},
  year={2015}
}
@article{foulds2010review,
	title={A review of multi-instance learning assumptions},
	author={Foulds, James and Frank, Eibe},
	journal={The Knowledge Engineering Review},
	volume={25},
	number={01},
	pages={1--25},
	year={2010},
	publisher={Cambridge Univ Press}
}
@techreport{bellman1954theory,
	title={The theory of dynamic programming},
	author={Bellman, Richard},
	year={1954},
	page={503-516},
	institution={DTIC Document}
}
@article{polyak1964some,
	title={Some methods of speeding up the convergence of iteration methods},
	author={Polyak, Boris T},
	journal={USSR Computational Mathematics and Mathematical Physics},
	volume={4},
	number={5},
	pages={1--17},
	year={1964},
	publisher={Elsevier}
}
@article{hinton2012improving,
	title={Improving neural networks by preventing co-adaptation of feature detectors},
	author={Hinton, Geoffrey E and Srivastava, Nitish and Krizhevsky, Alex and Sutskever, Ilya and Salakhutdinov, Ruslan R},
	journal={arXiv preprint arXiv:1207.0580},
	year={2012}
}
@inproceedings{maas2013rectifier,
	title={Rectifier nonlinearities improve neural network acoustic models},
	author={Maas, Andrew L and Hannun, Awni Y and Ng, Andrew Y},
	booktitle={Proc. ICML},
	volume={30},
	pages={1},
	year={2013}
}
@misc{pascal-voc-2012,
	author = "Everingham, M. and Van~Gool, L. and Williams, C. K. I. and Winn, J. and Zisserman, A.",
	title = "The {PASCAL} {V}isual {O}bject {C}lasses {C}hallenge 2012 {(VOC2012)} {R}esults",
	howpublished = "http://www.pascal-network.org/challenges/VOC/voc2012/workshop/index.html"}
@misc{kaiminghe,
	author = "Kaiming He",
	title = "Convolutional Feature Maps",
	howpublished = {\url{http://kaiminghe.com/iccv15tutorial/iccv2015_tutorial_convolutional_feature_maps_kaiminghe.pdf}},
	note = {ICCV 2015 Tutorial on Tools for Efficient Object Detection}
	}
@InProceedings{Kuehne11,
	author= "Kuehne, H. and Jhuang, H. and Garrote, E. and Poggio, T. and Serre, T.",
	title = "{HMDB}: a large video database for human motion recognition",
	booktitle = "Proceedings of the International Conference on Computer Vision (ICCV)",
	year = "2011",
}
@article{kingma2014adam,
	title={Adam: A method for stochastic optimization},
	author={Kingma, Diederik and Ba, Jimmy},
	journal={arXiv preprint arXiv:1412.6980},
	year={2014}
}
@article{duchi2011adaptive,
	title={Adaptive subgradient methods for online learning and stochastic optimization},
	author={Duchi, John and Hazan, Elad and Singer, Yoram},
	journal={The Journal of Machine Learning Research},
	volume={12},
	pages={2121--2159},
	year={2011},
	publisher={JMLR. org}
}
@online{iosconvolution,
title = {Convolution Operations},
date = {2011-10-12},
howpublished = {\url{https://developer.apple.com/library/ios/documentation/Performance/Conceptual/vImage/ConvolutionOperations/ConvolutionOperations.html}},
version = {rev.3},
note = {vImage Programming Guide},
author = {{Apple Inc.}},
urldate = {2016-04-19}
}
@online{cnnlenet,
title = {Convolutional Neural Networks (LeNet)},
date = {2016-04-20},
howpublished = {\url{http://deeplearning.net/tutorial/lenet.html}},
note = {deep learning tutorial},
author = {LISA Lab},
urldate = {2016-04-20}
}
@online{standfordonline,
title = {Convolutional Neural Networks for Visual Recognition},
howpublished = {\url{http://cs231n.github.io/convolutional-networks}},
note = {Standford CS online notes},
author = {Justin Johnson, Andrey Karpathy},
urldate = {2016-04-20}
} 
@article{srivastava2014dropout,
  title={Dropout: A simple way to prevent neural networks from overfitting},
  author={Srivastava, Nitish and Hinton, Geoffrey and Krizhevsky, Alex and Sutskever, Ilya and Salakhutdinov, Ruslan},
  journal={The Journal of Machine Learning Research},
  volume={15},
  number={1},
  pages={1929--1958},
  year={2014},
  publisher={JMLR. org}
}
@article{laptev2005space,
	title={On space-time interest points},
	author={Laptev, Ivan},
	journal={International Journal of Computer Vision},
	volume={64},
	number={2-3},
	pages={107--123},
	year={2005},
	publisher={Springer}
}
@inproceedings{scovanner20073,
	title={A 3-dimensional sift descriptor and its application to action recognition},
	author={Scovanner, Paul and Ali, Saad and Shah, Mubarak},
	booktitle={Proceedings of the 15th international conference on Multimedia},
	pages={357--360},
	year={2007},
	organization={ACM}
}
@inproceedings{wang2011action,
	title={Action recognition by dense trajectories},
	author={Wang, Heng and Kl{\"a}ser, Alexander and Schmid, Cordelia and Liu, Cheng-Lin},
	booktitle={Computer Vision and Pattern Recognition (CVPR), 2011 IEEE Conference on},
	pages={3169--3176},
	year={2011},
	organization={IEEE}
}
@inproceedings{wang2013action,
	title={Action recognition with improved trajectories},
	author={Wang, Heng and Schmid, Cordelia},
	booktitle={Proceedings of the IEEE International Conference on Computer Vision},
	pages={3551--3558},
	year={2013}
}
@incollection{perronnin2010improving,
	title={Improving the fisher kernel for large-scale image classification},
	author={Perronnin, Florent and S{\'a}nchez, Jorge and Mensink, Thomas},
	booktitle={Computer Vision--ECCV 2010},
	pages={143--156},
	year={2010},
	publisher={Springer}
}
@incollection{peng2014action,
	title={Action recognition with stacked fisher vectors},
	author={Peng, Xiaojiang and Zou, Changqing and Qiao, Yu and Peng, Qiang},
	booktitle={Computer Vision--ECCV 2014},
	pages={581--595},
	year={2014},
	publisher={Springer}
}
@inproceedings{simonyan2014two,
	title={Two-stream convolutional networks for action recognition in videos},
	author={Simonyan, Karen and Zisserman, Andrew},
	booktitle={Advances in Neural Information Processing Systems},
	pages={568--576},
	year={2014}
}
@article{wang2015temporal,
	title={Temporal pyramid pooling based convolutional neural networks for action recognition},
	author={Wang, Peng and Cao, Yuanzhouhan and Shen, Chunhua and Liu, Lingqiao and Shen, Heng Tao},
	journal={arXiv preprint arXiv:1503.01224},
	year={2015}
}
@article{wang2015towards,
	title={Towards good practices for very deep two-stream convnets},
	author={Wang, Limin and Xiong, Yuanjun and Wang, Zhe and Qiao, Yu},
	journal={arXiv preprint arXiv:1507.02159},
	year={2015}
}
@inproceedings{wang2015action,
	title={Action recognition with trajectory-pooled deep-convolutional descriptors},
	author={Wang, Limin and Qiao, Yu and Tang, Xiaoou},
	booktitle={Proceedings of the IEEE Conference on Computer Vision and Pattern Recognition},
	pages={4305--4314},
	year={2015}
}
@article{ILSVRC15,
	Author = {Olga Russakovsky and Jia Deng and Hao Su and Jonathan Krause and Sanjeev Satheesh and Sean Ma and Zhiheng Huang and Andrej Karpathy and Aditya Khosla and Michael Bernstein and Alexander C. Berg and Li Fei-Fei},
	Title = {{ImageNet Large Scale Visual Recognition Challenge}},
	Year = {2015},
	journal   = {International Journal of Computer Vision (IJCV)},
	doi = {10.1007/s11263-015-0816-y},
	volume={115},
	number={3},
	pages={211-252}
}
@inproceedings{jain201515,
  title={What do 15,000 object categories tell us about classifying and localizing actions?},
  author={Jain, Mihir and van Gemert, Jan C and Snoek, Cees GM},
  booktitle={Computer Vision and Pattern Recognition (CVPR), 2015 IEEE Conference on},
  pages={46--55},
  year={2015},
  organization={IEEE}
}
@article{soomro2012ucf101,
  title={UCF101: A dataset of 101 human actions classes from videos in the wild},
  author={Soomro, Khurram and Zamir, Amir Roshan and Shah, Mubarak},
  journal={arXiv preprint arXiv:1212.0402},
  year={2012}
}

@article{reddy2013recognizing,
	title={Recognizing 50 human action categories of web videos},
	author={Reddy, Kishore K and Shah, Mubarak},
	journal={Machine Vision and Applications},
	volume={24},
	number={5},
	pages={971--981},
	year={2013},
	publisher={Springer}
}
@inproceedings{ren2015faster,
title={Faster R-CNN: Towards real-time object detection with region proposal networks},
author={Ren, Shaoqing and He, Kaiming and Girshick, Ross and Sun, Jian},
booktitle={Advances in Neural Information Processing Systems},
pages={91--99},
year={2015}
}
@inproceedings{girshick2015fast,
	title={Fast r-cnn},
	author={Girshick, Ross},
	booktitle={Proceedings of the IEEE International Conference on Computer Vision},
	pages={1440--1448},
	year={2015}
}
@inproceedings{kantorov2014efficient,
	title={Efficient feature extraction, encoding and classification for action recognition},
	author={Kantorov, Vadim and Laptev, Ivan},
	booktitle={Proceedings of the IEEE Conference on Computer Vision and Pattern Recognition},
	pages={2593--2600},
	year={2014}
}
@article{peng2014bag,
title={Bag of visual words and fusion methods for action recognition: Comprehensive study and good practice},
author={Peng, Xiaojiang and Wang, Limin and Wang, Xingxing and Qiao, Yu},
journal={arXiv preprint arXiv:1405.4506},
year={2014}
}
@inproceedings{wu2014towards,
	title={Towards good practices for action video encoding},
	author={Wu, Jianxin and Zhang, Yu and Lin, Weiyao},
	booktitle={Proceedings of the IEEE conference on Computer Vision and Pattern Recognition},
	pages={2577--2584},
	year={2014}
}
@inproceedings{laptev2008learning,
	title={Learning realistic human actions from movies},
	author={Laptev, Ivan and Marsza{\l}ek, Marcin and Schmid, Cordelia and Rozenfeld, Benjamin},
	booktitle={Computer Vision and Pattern Recognition, 2008. CVPR 2008. IEEE Conference on},
	pages={1--8},
	year={2008},
	organization={IEEE}
}
@article{jegou2012aggregating,
	title={Aggregating local image descriptors into compact codes},
	author={J{\'e}gou, Herv{\'e} and Perronnin, Florent and Douze, Matthijs and Sanchez, Javier and Perez, Pablo and Schmid, Cordelia},
	journal={Pattern Analysis and Machine Intelligence, IEEE Transactions on},
	volume={34},
	number={9},
	pages={1704--1716},
	year={2012},
	publisher={IEEE}
}
@article{sanchez2013image,
	title={Image classification with the fisher vector: Theory and practice},
	author={S{\'a}nchez, Jorge and Perronnin, Florent and Mensink, Thomas and Verbeek, Jakob},
	journal={International journal of computer vision},
	volume={105},
	number={3},
	pages={222--245},
	year={2013},
	publisher={Springer}
}
@inproceedings{jhuang2013towards,
	title={Towards understanding action recognition},
	author={Jhuang, Hueihan and Gall, Juergen and Zuffi, Silvia and Schmid, Cordelia and Black, Michael},
	booktitle={Proceedings of the IEEE International Conference on Computer Vision},
	pages={3192--3199},
	year={2013}
}
@inproceedings{jia2014caffe,
	title={Caffe: Convolutional architecture for fast feature embedding},
	author={Jia, Yangqing and Shelhamer, Evan and Donahue, Jeff and Karayev, Sergey and Long, Jonathan and Girshick, Ross and Guadarrama, Sergio and Darrell, Trevor},
	booktitle={Proceedings of the ACM International Conference on Multimedia},
	pages={675--678},
	year={2014},
	organization={ACM}
}
@incollection{zeiler2014visualizing,
	title={Visualizing and understanding convolutional networks},
	author={Zeiler, Matthew D and Fergus, Rob},
	booktitle={Computer vision--ECCV 2014},
	pages={818--833},
	year={2014},
	publisher={Springer}
}
@inproceedings{fernando2015modeling,
  title={Modeling video evolution for action recognition},
  author={Fernando, Basura and Gavves, Efstratios and Oramas, Jose M and Ghodrati, Amir and Tuytelaars, Tinne},
  booktitle={Proceedings of the IEEE Conference on Computer Vision and Pattern Recognition},
  pages={5378--5387},
  year={2015}
}
@inproceedings{donahue2015long,
  title={Long-term recurrent convolutional networks for visual recognition and description},
  author={Donahue, Jeffrey and Anne Hendricks, Lisa and Guadarrama, Sergio and Rohrbach, Marcus and Venugopalan, Subhashini and Saenko, Kate and Darrell, Trevor},
  booktitle={Proceedings of the IEEE Conference on Computer Vision and Pattern Recognition},
  pages={2625--2634},
  year={2015}
}
@article{hochreiter1997long,
  title={Long short-term memory},
  author={Hochreiter, Sepp and Schmidhuber, J{\"u}rgen},
  journal={Neural computation},
  volume={9},
  number={8},
  pages={1735--1780},
  year={1997},
  publisher={MIT Press}
}
@article{ji20133d,
  title={3D convolutional neural networks for human action recognition},
  author={Ji, Shuiwang and Xu, Wei and Yang, Ming and Yu, Kai},
  journal={Pattern Analysis and Machine Intelligence, IEEE Transactions on},
  volume={35},
  number={1},
  pages={221--231},
  year={2013},
  publisher={IEEE}
}
@incollection{baccouche2011sequential,
  title={Sequential deep learning for human action recognition},
  author={Baccouche, Moez and Mamalet, Franck and Wolf, Christian and Garcia, Christophe and Baskurt, Atilla},
  booktitle={Human Behavior Understanding},
  pages={29--39},
  year={2011},
  publisher={Springer}
}
@inproceedings{mahendran2015understanding,
  title={Understanding deep image representations by inverting them},
  author={Mahendran, Aravindh and Vedaldi, Andrea},
  booktitle={Computer Vision and Pattern Recognition (CVPR), 2015 IEEE Conference on},
  pages={5188--5196},
  year={2015},
  organization={IEEE}
}
@inproceedings{gkioxari2015contextual,
  title={Contextual action recognition with r* cnn},
  author={Gkioxari, Georgia and Girshick, Ross and Malik, Jitendra},
  booktitle={Proceedings of the IEEE International Conference on Computer Vision},
  pages={1080--1088},
  year={2015}
}
@inproceedings{xiong2015recognize,
  title={Recognize complex events from static images by fusing deep channels},
  author={Xiong, Yuanjun and Zhu, Kai and Lin, Dahua and Tang, Xiaoou},
  booktitle={Proceedings of the IEEE Conference on Computer Vision and Pattern Recognition},
  pages={1600--1609},
  year={2015}
}
@inproceedings{marszalek2009actions,
  title={Actions in context},
  author={Marszalek, Michael and Laptev, Ivan and Schmid, Cordelia},
  booktitle={Computer Vision and Pattern Recognition, 2009. CVPR 2009. IEEE Conference on},
  pages={2929--2936},
  year={2009},
  organization={IEEE}
}
@inproceedings{ullah2010improving,
  title={Improving bag-of-features action recognition with non-local cues.},
  author={Ullah, Muhammad Muneeb and Parizi, Sobhan Naderi and Laptev, Ivan},
  booktitle={BMVC},
  volume={10},
  pages={95--1},
  year={2010},
  organization={Citeseer}
}
@article{simonyan2014very,
	author    = {Karen Simonyan and Andrew Zisserman},
	title     = {Very Deep Convolutional Networks for Large-Scale Image Recognition},
	journal   = {CoRR},
	volume    = {abs/1409.1556},
	year      = {2014},
	url       = {http://arxiv.org/abs/1409.1556},
	timestamp = {Wed, 01 Oct 2014 15:00:05 +0200},
	biburl    = {http://dblp.uni-trier.de/rec/bib/journals/corr/SimonyanZ14a},
	bibsource = {dblp computer science bibliography, http://dblp.org}
}
@inproceedings{girshick2014rich,
  title={Rich feature hierarchies for accurate object detection and semantic segmentation},
  author={Girshick, Ross and Donahue, Jeff and Darrell, Trevor and Malik, Jitendra},
  booktitle={Proceedings of the IEEE conference on computer vision and pattern recognition},
  pages={580--587},
  year={2014}
}
@article{fukushima1980neocognitron,
  title={Neocognitron: A self-organizing neural network model for a mechanism of pattern recognition unaffected by shift in position},
  author={Fukushima, Kunihiko},
  journal={Biological cybernetics},
  volume={36},
  number={4},
  pages={193--202},
  year={1980},
  publisher={Springer}
}
@inproceedings{lecun2004learning,
  title={Learning methods for generic object recognition with invariance to pose and lighting},
  author={LeCun, Yann and Huang, Fu Jie and Bottou, Leon},
  booktitle={Computer Vision and Pattern Recognition, 2004. CVPR 2004. Proceedings of the 2004 IEEE Computer Society Conference on},
  volume={2},
  pages={II--97},
  year={2004},
  organization={IEEE}
}
@article{lecun1989backpropagation,
  title={Backpropagation applied to handwritten zip code recognition},
  author={LeCun, Yann and Boser, Bernhard and Denker, John S and Henderson, Donnie and Howard, Richard E and Hubbard, Wayne and Jackel, Lawrence D},
  journal={Neural computation},
  volume={1},
  number={4},
  pages={541--551},
  year={1989},
  publisher={MIT Press}
}
@inproceedings{yue2015beyond,
  title={Beyond short snippets: Deep networks for video classification},
  author={Yue-Hei Ng, Joe and Hausknecht, Matthew and Vijayanarasimhan, Sudheendra and Vinyals, Oriol and Monga, Rajat and Toderici, George},
  booktitle={Proceedings of the IEEE Conference on Computer Vision and Pattern Recognition},
  pages={4694--4702},
  year={2015}
}
@inproceedings{fanti2005hybrid,
  title={Hybrid models for human motion recognition},
  author={Fanti, Claudio and Zelnik-Manor, Lihi and Perona, Pietro},
  booktitle={Computer Vision and Pattern Recognition, 2005. CVPR 2005. IEEE Computer Society Conference on},
  volume={1},
  pages={1166--1173},
  year={2005},
  organization={IEEE}
}
@inproceedings{yacoob1998parameterized,
  title={Parameterized modeling and recognition of activities},
  author={Yacoob, Yaser and Black, Michael J},
  booktitle={Computer Vision, 1998. Sixth International Conference on},
  pages={120--127},
  year={1998},
  organization={IEEE}
}
@incollection{laptev2006local,
  title={Local descriptors for spatio-temporal recognition},
  author={Laptev, Ivan and Lindeberg, Tony},
  booktitle={Spatial Coherence for Visual Motion Analysis},
  pages={91--103},
  year={2006},
  publisher={Springer}
}
@inproceedings{moore1999exploiting,
	title={Exploiting human actions and object context for recognition tasks},
	author={Moore, Darnell J and Essa, Irfan A and Hayes III, Monson H},
	booktitle={Computer Vision, 1999. The Proceedings of the Seventh IEEE International Conference on},
	volume={1},
	pages={80--86},
	year={1999},
	organization={IEEE}
}
@inproceedings{han2009selection,
	title={Selection and context for action recognition.},
	author={Han, Dong and Bo, Liefeng and Sminchisescu, Cristian},
	booktitle={ICCV},
	volume={9},
	pages={1933--1940},
	year={2009}
}
@inproceedings{gupta2007objects,
	title={Objects in action: An approach for combining action understanding and object perception},
	author={Gupta, Abhinav and Davis, Larry S},
	booktitle={Computer Vision and Pattern Recognition, 2007. CVPR'07. IEEE Conference on},
	pages={1--8},
	year={2007},
	organization={IEEE}
}

@article{ikizler2010object,
	title={Object, scene and actions: Combining multiple features for human action recognition},
	author={Ikizler-Cinbis, Nazli and Sclaroff, Stan},
	journal={Computer Vision--ECCV 2010},
	pages={494--507},
	year={2010},
	publisher={Springer}
}
@inproceedings{kovashka2010learning,
	title={Learning a hierarchy of discriminative space-time neighborhood features for human action recognition},
	author={Kovashka, Adriana and Grauman, Kristen},
	booktitle={Computer Vision and Pattern Recognition (CVPR), 2010 IEEE Conference on},
	pages={2046--2053},
	year={2010},
	organization={IEEE}
}
@article{WuJWYXW15,
  author    = {Zuxuan Wu and
               Yu{-}Gang Jiang and
               Xi Wang and
               Hao Ye and
               Xiangyang Xue and
               Jun Wang},
  title     = {Fusing Multi-Stream Deep Networks for Video Classification},
  journal   = {CoRR},
  volume    = {abs/1509.06086},
  year      = {2015},
  url       = {http://arxiv.org/abs/1509.06086},
  timestamp = {Thu, 01 Oct 2015 14:28:48 +0200},
  biburl    = {http://dblp.uni-trier.de/rec/bib/journals/corr/WuJWYXW15},
  bibsource = {dblp computer science bibliography, http://dblp.org}
}
@inproceedings{krizhevsky2012imagenet,
  title={Imagenet classification with deep convolutional neural networks},
  author={Krizhevsky, Alex and Sutskever, Ilya and Hinton, Geoffrey E},
  booktitle={Advances in neural information processing systems},
  pages={1097--1105},
  year={2012}
}